@online{InstitutodeEngenharia:Online,
	ALTauthor = {Instituto de Engenharia},
	title = {Instituto Maua de Tecnologia},
	year = "S/Data\setbox0=\hbox{2003}",
	url = {http://www.institutodeengenharia.org.br},
	urlaccessdate = {8 out. 2015},
}

@online{Alunos:Online,
	ALTauthor = {Instituto Mauá de Tecnologia},
	title = {Alunos do Instituto Mauá de Tecnologia iniciam construção de satélite em miniatura para pesquisas espaciais},
	year = 2015,
	url = {http://maua.br/imprensa/press-releases/528-alunos-do-imt-iniciam-construcao-de-satelite-em-miniatura-para-pesquisas-espaciais},
	urlaccessdate = {8 out. 2015},
}

@online{NovoLaboratorioNSEE:Online,
	ALTauthor = {InfoMAUÁ},
	title = {Campus de São Caetano do Sul tem novo laboratório de Sistemas Eletrônicos Embarcados},
	year = 2010,
	url = {http://maua.br/imprensa/infomaua/29/texto/147},
	urlaccessdate = {8 out. 2015},
}

@online{CTIinaugura:Online,
	ALTauthor = {Cempra},
	title = {CTI Renato Archer inaugura projeto de tecnologia espacial na cidade de Atibaia-SP.},
	year = 2013,
	url = {http://www.cenpra.gov.br/ultimas-noticias/264-cti-renato-archer-inaugura-projeto-de-tecnologia-espacial-na-cidade-de-atibaia-sp},
	urlaccessdate = {7 out. 2015},
}

@online{Gaisler:Online,
	ALTauthor = {Gaisler Research},
	title = {GR-PCI-XC5V LEON PCI Development board},
	subtitle = {User Manual},
	year = 2015,
	url = {http://www.pender.ch/docs/GR-PCI-XC5V_user_manual.pdf},
	urlaccessdate = {7 out. 2015}
}

@online{Eagle:Online,
	ALTauthor = {CadSoft Eagle},
	title = {CadSoft EAGLE PCB Design Software},
	year = 2011,
	url = {http://www.cadsoftusa.com/eagle-pcb-design-software/},
	urlaccessdate = {12 out. 2015}
}

@manual{SpaceWire:Manual,
	title = {ECSS-E-ST-50-12C},
	subtitle = {SpaceWire - Links, nodes, routers and networks},
	year = 2008,
	organization = {ECSS Secretariat},
	address = {Noordwijk},
	publisher = {ESA-ESTEC, Requirements and Standards Division}
}
